<?xml version="1.0" encoding="UTF-8"?><collection xmlns="http://www.loc.gov/MARC21/slim"><record><leader>00332nam--2200133-i-4500</leader><controlfield tag="001">000017388</controlfield><controlfield tag="002">20161230</controlfield><controlfield tag="005">20161230201032</controlfield><controlfield tag="008">060222s1000------------r-----000-0-eng-d</controlfield><datafield ind1=" " ind2=" " tag="100"><subfield code="a">Gutu, Iulian</subfield></datafield><datafield ind1=" " ind2=" " tag="245"><subfield code="a">Ivanov, ilie</subfield></datafield><datafield ind1=" " ind2=" " tag="260"><subfield code="a">Laseri Ionici Cu Gaze Nobile</subfield></datafield><datafield ind1=" " ind2=" " tag="490"><subfield code="a">Bucuresti, Matrix Rom., 1998. 381 P</subfield></datafield><datafield ind1=" " ind2=" " tag="852"><subfield code="a">621.375.826</subfield></datafield></record></collection>